@article{Smith2020,
    author = {Smith, John},
    title = {The Impact of Code Challenges on Hiring},
    journal = {Journal of Software Engineering},
    year = {2020},
    volume = {45},
    number = {3},
    pages = {123-135},
}

@book{Johnson2019,
    author = {Johnson, Mary},
    title = {Effective Problem-Solving Techniques in Software Development},
    year = {2019},
    publisher = {TechPress},
}

@article{Brown2021,
    author = {Brown, Emma},
    title = {Redefining Success Metrics for Software Engineers},
    journal = {Software Engineering Quarterly},
    year = {2021},
    volume = {28},
    number = {2},
    pages = {87-99},
}

@inproceedings{Garcia2022,
    author = {Garcia, Luis and Rodriguez, Sofia},
    title = {Beyond Code: The Soft Skills that Define Successful Engineers},
    booktitle = {Proceedings of the International Conference on Software Engineering},
    year = {2022},
    pages = {356-365},
}

% more references here.

% 



@book{dweck2006mindset,
    author = {Dweck, Carol S.},
    title = {Mindset: The New Psychology of Success},
    year = {2006},
    publisher = {Random House},
}

@book{duckworth2016grit,
    author = {Duckworth, Angela},
    title = {Grit: The Power of Passion and Perseverance},
    year = {2016},
    publisher = {Scribner},
}

@article{tetlock2007illusion,
    author = {Tetlock, Philip E.},
    title = {The Illusion of the Expert: How Can We Know That We Don't Know?},
    journal = {Proceedings of the American Philosophical Society},
    year = {2007},
    volume = {151},
    number = {1},
    pages = {82--87},
}



